%% LaTeX2e file `bibliografia.bib'
%% generated by the `filecontents' environment
%% from source `f' on 2025/09/13.
%%
@online{cisco_router_2023,
    author = {Cisco},
    title = {What is a router?},
    year = {2023},
    url = {https://www.cisco.com/c/es_mx/solutions/small-business/resource-center/networking/what-is-a-router.html#~how-does-a-router-work},
    urldate = {2024-09-07}
}

@online{cloudflare_router_sf,
    author = {Cloudflare},
    title = {What is a Router?},
    url = {https://www.cloudflare.com/learning/network-layer/what-is-a-router/},
    urldate = {2024-09-07}
}

@online{nordvpn_mascara_2024,
    author = {NordVPN},
    title = {¿Qué es una máscara de subred y para qué sirve?},
    year = {2024},
    url = {https://nordvpn.com/es-mx/blog/que-es-mascara-de-subred/},
    urldate = {2024-09-07}
}

@online{kaspersky_ip_2024,
    author = {Kaspersky},
    title = {¿Qué es una dirección IP?},
    year = {2024},
    url = {https://latam.kaspersky.com/resource-center/definitions/what-is-an-ip-address},
    urldate = {2025-09-13}
}

@online{todoelectronica_switch_2023,
    author = {Todo Electronica},
    title = {Guía completa sobre los Switch de red y conexiones CCTV},
    year = {2023},
    url = {https://www.todoelectronica.com/blog-electronica/guia-completa-sobre-los-switch-de-red-conexiones-cctv.html},
    urldate = {2025-09-13}
}

@online{ppstech_switch_2024,
    author = {PPS-Tech},
    title = {¿Cómo funciona un switch? Una pieza clave para empresas},
    year = {2024},
    url = {https://ppstech.mx/blog/como-funciona-un-switch-una-pieza-clave-para-empresas},
    urldate = {2025-09-13}
}

@online{studysmarter_ieee_sf,
    author = {StudySmarter},
    title = {Protocolos IEEE},
    url = {https://www.studysmarter.es/resumenes/ingenieria/ingenieria-de-telecomunicaciones-ingenieria/protocolos-ieee},
    urldate = {2025-09-13}
}
